<?xml version="1.0" encoding="UTF-8"?><collection xmlns="http://www.loc.gov/MARC21/slim"><record><leader>00578nam--2200169-i-4500</leader><controlfield tag="001">000011305</controlfield><controlfield tag="002">20161230</controlfield><controlfield tag="005">20161230201029</controlfield><controlfield tag="008">060222s1000------------r-----000-0-eng-d</controlfield><datafield ind1=" " ind2=" " tag="040"><subfield code="a">IFIN-HH</subfield></datafield><datafield ind1=" " ind2=" " tag="080"><subfield code="a">548.7</subfield></datafield><datafield ind1="1" ind2=" " tag="100"><subfield code="a">Cowley, J.M</subfield></datafield><datafield ind1="1" ind2="0" tag="245"><subfield code="a">Progress in materials science vol. 13 no. 6 crystal structure determination by electron diffranction</subfield><subfield code="b">Incorporating progress in materials science; bruce chalmers, w. hume-rothery (eds.)</subfield><subfield code="c">J.m. cowley</subfield></datafield><datafield ind1=" " ind2=" " tag="260"><subfield code="a">Oxford</subfield><subfield code="b">Pergamon Press</subfield><subfield code="c">1968</subfield></datafield><datafield ind1=" " ind2=" " tag="300"><subfield code="a">/265P./321P</subfield></datafield><datafield ind1=" " ind2=" " tag="852"><subfield code="a">10017</subfield><subfield code="c">539.2</subfield></datafield><datafield ind1=" " ind2=" " tag="CAT"><subfield code="a">Sys</subfield><subfield code="c">20120720</subfield><subfield code="h">120618</subfield></datafield></record></collection>